<?xml version="1.0" encoding="UTF-8"?><collection xmlns="http://www.loc.gov/MARC21/slim"><record><leader>00519nam--2200145-i-4500</leader><controlfield tag="001">000022493</controlfield><controlfield tag="002">20161230</controlfield><controlfield tag="005">20161230201034</controlfield><controlfield tag="008">060222s1000------------r-----000-0-eng-d</controlfield><datafield ind1=" " ind2=" " tag="080"><subfield code="a">539.12.01(043.4)</subfield></datafield><datafield ind1=" " ind2=" " tag="245"><subfield code="a">Group theoretical cocepts and methods in elementary particle physic. lectures of the istanbul summer school of theoretical physics, july 16-august 4, 1962</subfield></datafield><datafield ind1=" " ind2=" " tag="260"><subfield code="a">New York, Gordon And Breach, 1964. Vii+425p</subfield></datafield><datafield ind1=" " ind2=" " tag="490"><subfield code="a">Quantum Physics And It Is Applications</subfield></datafield><datafield ind1=" " ind2=" " tag="700"><subfield code="a">Gursey, Feza</subfield></datafield><datafield ind1=" " ind2=" " tag="852"><subfield code="a">23343</subfield></datafield></record></collection>